@inproceedings{artist,
  title={ARTist: The Android runtime instrumentation and security toolkit},
  author={Backes, Michael and Bugiel, Sven and Schranz, Oliver and von Styp-Rekowsky, Philipp and Weisgerber, Sebastian},
  booktitle={2017 IEEE European Symposium on Security and Privacy (EuroS\&P)},
  pages={481--495},
  year={2017},
  organization={IEEE}
}

@inproceedings{backes2016demystifying,
  title={On demystifying the android application framework: Re-visiting android permission specification analysis},
  author={Backes, Michael and Bugiel, Sven and Derr, Erik and McDaniel, Patrick and Octeau, Damien and Weisgerber, Sebastian},
  booktitle={25th $\{$USENIX$\}$ security symposium ($\{$USENIX$\}$ security 16)},
  pages={1101--1118},
  year={2016}
}